@article{2020ApJS..247...48K,
  author        = {{Kremer}, Kyle and {Ye}, Claire S. and {Rui}, Nicholas Z. and {Weatherford}, Newlin C. and {Chatterjee}, Sourav and {Fragione}, Giacomo and {Rodriguez}, Carl L. and {Spera}, Mario and {Rasio}, Frederic A.},
  title         = {{Modeling Dense Star Clusters in the Milky Way and Beyond with the CMC Cluster Catalog}},
  journal       = {\apjs},
  keywords      = {656, 1611, 1965, 168, 154, 203, 1811, 1596, Astrophysics - High Energy Astrophysical Phenomena, Astrophysics - Astrophysics of Galaxies},
  year          = 2020,
  month         = apr,
  volume        = {247},
  number        = {2},
  eid           = {48},
  pages         = {48},
  doi           = {10.3847/1538-4365/ab7919},
  archiveprefix = {arXiv},
  eprint        = {1911.00018},
  primaryclass  = {astro-ph.HE},
  adsurl        = {https://ui.adsabs.harvard.edu/abs/2020ApJS..247...48K},
  adsnote       = {Provided by the SAO/NASA Astrophysics Data System}
}

@article{1983ApJ...268..319H,
  author   = {{Hut}, P. and {Bahcall}, J.~N.},
  title    = {{Binary-single star scattering. I - Numerical experiments for equal masses}},
  journal  = {\apj},
  keywords = {Binary Stars, Gravitational Effects, Star Distribution, Stellar Mass, Eccentric Orbits, Energy Transfer, Error Analysis, Ionization Cross Sections, Numerical Integration, Scattering, Astrophysics},
  year     = 1983,
  month    = may,
  volume   = {268},
  pages    = {319-341},
  doi      = {10.1086/160956},
  adsurl   = {https://ui.adsabs.harvard.edu/abs/1983ApJ...268..319H},
  adsnote  = {Provided by the SAO/NASA Astrophysics Data System}
}

@article{2004MNRAS.352....1F,
  author        = {{Fregeau}, J.~M. and {Cheung}, P. and {Portegies Zwart}, S.~F. and {Rasio}, F.~A.},
  title         = {{Stellar collisions during binary-binary and binary-single star interactions}},
  journal       = {\mnras},
  keywords      = {stellar dynamics, methods: N-body simulations, methods: numerical, binaries: close, blue stragglers, globular clusters: general, Astrophysics},
  year          = 2004,
  month         = jul,
  volume        = {352},
  number        = {1},
  pages         = {1-19},
  doi           = {10.1111/j.1365-2966.2004.07914.x},
  archiveprefix = {arXiv},
  eprint        = {astro-ph/0401004},
  primaryclass  = {astro-ph},
  adsurl        = {https://ui.adsabs.harvard.edu/abs/2004MNRAS.352....1F},
  adsnote       = {Provided by the SAO/NASA Astrophysics Data System}
}


@article{2000MNRAS.315..543H,
  author        = {{Hurley}, Jarrod R. and {Pols}, Onno R. and {Tout}, Christopher A.},
  title         = {{Comprehensive analytic formulae for stellar evolution as a function of mass and metallicity}},
  journal       = {\mnras},
  keywords      = {METHODS: ANALYTICAL, STARS: EVOLUTION, STARS: FUNDAMENTAL PARAMETERS, STARS: MASS-LOSS, STARS: POPULATION II, GALAXIES: STELLAR CONTENT, Astrophysics},
  year          = 2000,
  month         = jul,
  volume        = {315},
  number        = {3},
  pages         = {543-569},
  doi           = {10.1046/j.1365-8711.2000.03426.x},
  archiveprefix = {arXiv},
  eprint        = {astro-ph/0001295},
  primaryclass  = {astro-ph},
  adsurl        = {https://ui.adsabs.harvard.edu/abs/2000MNRAS.315..543H},
  adsnote       = {Provided by the SAO/NASA Astrophysics Data System}
}


@article{2002MNRAS.329..897H,
  author        = {{Hurley}, Jarrod R. and {Tout}, Christopher A. and {Pols}, Onno R.},
  title         = {{Evolution of binary stars and the effect of tides on binary populations}},
  journal       = {\mnras},
  keywords      = {METHODS: ANALYTICAL, METHODS: STATISTICAL, BINARIES: GENERAL, STARS: EVOLUTION, STARS: VARIABLES: OTHER, GALAXIES: STELLAR CONTENT, Astrophysics},
  year          = 2002,
  month         = feb,
  volume        = {329},
  number        = {4},
  pages         = {897-928},
  doi           = {10.1046/j.1365-8711.2002.05038.x},
  archiveprefix = {arXiv},
  eprint        = {astro-ph/0201220},
  primaryclass  = {astro-ph},
  adsurl        = {https://ui.adsabs.harvard.edu/abs/2002MNRAS.329..897H},
  adsnote       = {Provided by the SAO/NASA Astrophysics Data System}
}


@book{2008gady.book.....B,
  author    = {{Binney}, James and {Tremaine}, Scott},
  title     = {{Galactic Dynamics: Second Edition}},
  year      = 2008,
  adsurl    = {https://ui.adsabs.harvard.edu/abs/2008gady.book.....B},
  adsnote   = {Provided by the SAO/NASA Astrophysics Data System},
  publisher = {{Princeton University Press}}
}

@article{1991AJ....101..562L,
  author   = {{Leonard}, Peter J.~T.},
  title    = {{The Maximum Possible Velocity of Dynamically Ejected Runaway Stars}},
  journal  = {\aj},
  keywords = {B Stars, Main Sequence Stars, O Stars, Radial Velocity, Computational Astrophysics, Stellar Mass, Astrophysics, STARS: STELLAR DYNAMICS},
  year     = 1991,
  month    = feb,
  volume   = {101},
  pages    = {562},
  doi      = {10.1086/115704},
  adsurl   = {https://ui.adsabs.harvard.edu/abs/1991AJ....101..562L},
  adsnote  = {Provided by the SAO/NASA Astrophysics Data System}
}

@article{2015ARA&A..53...15B,
  author  = {{Brown}, Warren R.},
  title   = {{Hypervelocity Stars}},
  journal = {\araa},
  year    = 2015,
  month   = aug,
  volume  = {53},
  pages   = {15-49},
  doi     = {10.1146/annurev-astro-082214-122230},
  adsurl  = {https://ui.adsabs.harvard.edu/abs/2015ARA&A..53...15B},
  adsnote = {Provided by the SAO/NASA Astrophysics Data System}
}

@article{1988Natur.331..687H,
  author   = {{Hills}, J.~G.},
  title    = {{Hyper-velocity and tidal stars from binaries disrupted by a massive Galactic black hole}},
  journal  = {\nat},
  keywords = {Binary Stars, Black Holes (Astronomy), Gravitational Effects, Milky Way Galaxy, Stellar Orbits, Companion Stars, Ejection, Stellar Evolution, Astrophysics},
  year     = 1988,
  month    = feb,
  volume   = {331},
  number   = {6158},
  pages    = {687-689},
  doi      = {10.1038/331687a0},
  adsurl   = {https://ui.adsabs.harvard.edu/abs/1988Natur.331..687H},
  adsnote  = {Provided by the SAO/NASA Astrophysics Data System}
}

@article{2017MNRAS.469.2151B,
  author        = {{Boubert}, D. and {Erkal}, D. and {Evans}, N.~W. and {Izzard}, R.~G.},
  title         = {{Hypervelocity runaways from the Large Magellanic Cloud}},
  journal       = {\mnras},
  keywords      = {binaries: general, stars: kinematics and dynamics, supernovae: general, Magellanic Clouds, Astrophysics - Astrophysics of Galaxies, Astrophysics - Solar and Stellar Astrophysics},
  year          = 2017,
  month         = aug,
  volume        = {469},
  number        = {2},
  pages         = {2151-2162},
  doi           = {10.1093/mnras/stx848},
  archiveprefix = {arXiv},
  eprint        = {1704.01373},
  primaryclass  = {astro-ph.GA},
  adsurl        = {https://ui.adsabs.harvard.edu/abs/2017MNRAS.469.2151B},
  adsnote       = {Provided by the SAO/NASA Astrophysics Data System}
}

@article{2018MNRAS.478.1520B,
  author        = {{Baumgardt}, H. and {Hilker}, M.},
  title         = {{A catalogue of masses, structural parameters, and velocity dispersion profiles of 112 Milky Way globular clusters}},
  journal       = {\mnras},
  keywords      = {globular clusters: general, stars: luminosity function, mass function, Astrophysics - Astrophysics of Galaxies},
  year          = 2018,
  month         = aug,
  volume        = {478},
  number        = {2},
  pages         = {1520-1557},
  doi           = {10.1093/mnras/sty1057},
  archiveprefix = {arXiv},
  eprint        = {1804.08359},
  primaryclass  = {astro-ph.GA},
  adsurl        = {https://ui.adsabs.harvard.edu/abs/2018MNRAS.478.1520B},
  adsnote       = {Provided by the SAO/NASA Astrophysics Data System}
}

@inproceedings{2020IAUS..351..357K,
  author        = {{Kremer}, Kyle and {Ye}, Claire S. and {Chatterjee}, Sourav and {Rodriguez}, Carl L. and {Rasio}, Frederic A.},
  title         = {{The Role of ``black hole burning'' in the evolution of dense star clusters}},
  keywords      = {globular clusters, black holes, dynamics, numerical methods, gravitational waves, Astrophysics - Astrophysics of Galaxies, Astrophysics - High Energy Astrophysical Phenomena},
  booktitle     = {Star Clusters: From the Milky Way to the Early Universe},
  year          = 2020,
  editor        = {{Bragaglia}, Angela and {Davies}, Melvyn and {Sills}, Alison and {Vesperini}, Enrico},
  volume        = {351},
  month         = jan,
  pages         = {357-366},
  doi           = {10.1017/S1743921319007269},
  archiveprefix = {arXiv},
  eprint        = {1907.12564},
  primaryclass  = {astro-ph.GA},
  adsurl        = {https://ui.adsabs.harvard.edu/abs/2020IAUS..351..357K},
  adsnote       = {Provided by the SAO/NASA Astrophysics Data System}
}

@article{2005MNRAS.358..572I,
  author        = {{Ivanova}, N. and {Belczynski}, K. and {Fregeau}, J.~M. and {Rasio}, F.~A.},
  title         = {{The evolution of binary fractions in globular clusters}},
  journal       = {\mnras},
  keywords      = {stellar dynamics, methods: N-body simulations, binaries: close, binaries: general, globular clusters: general, globular clusters: individual: NGC 104 (47 Tucanae), Astrophysics},
  year          = 2005,
  month         = apr,
  volume        = {358},
  number        = {2},
  pages         = {572-584},
  doi           = {10.1111/j.1365-2966.2005.08804.x},
  archiveprefix = {arXiv},
  eprint        = {astro-ph/0501131},
  primaryclass  = {astro-ph},
  adsurl        = {https://ui.adsabs.harvard.edu/abs/2005MNRAS.358..572I},
  adsnote       = {Provided by the SAO/NASA Astrophysics Data System}
}

@article{2015PhRvL.115e1101R,
  author        = {{Rodriguez}, Carl L. and {Morscher}, Meagan and {Pattabiraman}, Bharath and {Chatterjee}, Sourav and {Haster}, Carl-Johan and {Rasio}, Frederic A.},
  title         = {{Binary Black Hole Mergers from Globular Clusters: Implications for Advanced LIGO}},
  journal       = {\prl},
  keywords      = {04.30.Db, 98.20.-d, Wave generation and sources, Stellar clusters and associations, Astrophysics - High Energy Astrophysical Phenomena, General Relativity and Quantum Cosmology},
  year          = 2015,
  month         = jul,
  volume        = {115},
  number        = {5},
  eid           = {051101},
  pages         = {051101},
  doi           = {10.1103/PhysRevLett.115.051101},
  archiveprefix = {arXiv},
  eprint        = {1505.00792},
  primaryclass  = {astro-ph.HE},
  adsurl        = {https://ui.adsabs.harvard.edu/abs/2015PhRvL.115e1101R},
  adsnote       = {Provided by the SAO/NASA Astrophysics Data System}
}

@article{1993Natur.364..421K,
  author   = {{Kulkarni}, S.~R. and {Hut}, Piet and {McMillan}, Steve},
  title    = {{Stellar black holes in globular clusters}},
  journal  = {\nat},
  keywords = {Black Holes (Astronomy), Globular Clusters, Neutron Stars, X Ray Binaries, Stellar Cores, Stellar Mass Accretion, X Ray Spectra, Astrophysics},
  year     = 1993,
  month    = jul,
  volume   = {364},
  number   = {6436},
  pages    = {421-423},
  doi      = {10.1038/364421a0},
  adsurl   = {https://ui.adsabs.harvard.edu/abs/1993Natur.364..421K},
  adsnote  = {Provided by the SAO/NASA Astrophysics Data System}
}

@article{2019A&ARv..27....8G,
  author        = {{Gratton}, Raffaele and {Bragaglia}, Angela and {Carretta}, Eugenio and {D'Orazi}, Valentina and {Lucatello}, Sara and {Sollima}, Antonio},
  title         = {{What is a globular cluster? An observational perspective}},
  journal       = {\aapr},
  keywords      = {Globular clusters, Open clusters, The Galaxy, Astrophysics - Solar and Stellar Astrophysics, Astrophysics - Astrophysics of Galaxies},
  year          = 2019,
  month         = nov,
  volume        = {27},
  number        = {1},
  eid           = {8},
  pages         = {8},
  doi           = {10.1007/s00159-019-0119-3},
  archiveprefix = {arXiv},
  eprint        = {1911.02835},
  primaryclass  = {astro-ph.SR},
  adsurl        = {https://ui.adsabs.harvard.edu/abs/2019A&ARv..27....8G},
  adsnote       = {Provided by the SAO/NASA Astrophysics Data System}
}

@book{1998clel.book.....J,
  author    = {{Jackson}, John David},
  title     = {{Classical Electrodynamics, 3rd Edition}},
  year      = 1998,
  adsurl    = {https://ui.adsabs.harvard.edu/abs/1998clel.book.....J},
  adsnote   = {Provided by the SAO/NASA Astrophysics Data System},
  publisher = {{Wiley}}
}

@article{1971Ap&SS..13..284H,
  author  = {{H{\'e}non}, M.},
  title   = {{Monte Carlo Models of Star Clusters (Part of the Proceedings of the IAU Colloquium No. 10, held in Cambridge, England, August 12-15, 1970.)}},
  journal = {\apss},
  year    = 1971,
  month   = oct,
  volume  = {13},
  number  = {2},
  pages   = {284-299},
  doi     = {10.1007/BF00649159},
  adsurl  = {https://ui.adsabs.harvard.edu/abs/1971Ap&SS..13..284H},
  adsnote = {Provided by the SAO/NASA Astrophysics Data System}
}


@article{1971Ap&SS..14..151H,
  author  = {{H{\'e}non}, M.~H.},
  title   = {{The Monte Carlo Method (Papers appear in the Proceedings of IAU Colloquium No. 10 Gravitational N-Body Problem (ed. by Myron Lecar), R. Reidel Publ. Co. , Dordrecht-Holland.)}},
  journal = {\apss},
  year    = 1971,
  month   = nov,
  volume  = {14},
  number  = {1},
  pages   = {151-167},
  doi     = {10.1007/BF00649201},
  adsurl  = {https://ui.adsabs.harvard.edu/abs/1971Ap&SS..14..151H},
  adsnote = {Provided by the SAO/NASA Astrophysics Data System}
}


@article{2005ApJ...622L..33B,
  author        = {{Brown}, Warren R. and {Geller}, Margaret J. and {Kenyon}, Scott J. and {Kurtz}, Michael J.},
  title         = {{Discovery of an Unbound Hypervelocity Star in the Milky Way Halo}},
  journal       = {\apjl},
  keywords      = {Galaxy: Center, Galaxy: Halo, Galaxy: Kinematics and Dynamics, Galaxy: Stellar Content, Stars: Early-Type, Astrophysics},
  year          = 2005,
  month         = mar,
  volume        = {622},
  number        = {1},
  pages         = {L33-L36},
  doi           = {10.1086/429378},
  archiveprefix = {arXiv},
  eprint        = {astro-ph/0501177},
  primaryclass  = {astro-ph},
  adsurl        = {https://ui.adsabs.harvard.edu/abs/2005ApJ...622L..33B},
  adsnote       = {Provided by the SAO/NASA Astrophysics Data System}
}

@article{2014ApJ...787...89B,
  author        = {{Brown}, Warren R. and {Geller}, Margaret J. and {Kenyon}, Scott J.},
  title         = {{MMT Hypervelocity Star Survey. III. The Complete Survey}},
  journal       = {\apj},
  keywords      = {Galaxy: center, Galaxy: halo, Galaxy: kinematics and dynamics, stars: early-type, stars: individual: SDSS J111136.44+005856.44 J114146.45+044217.29 J215629.02+005444.18, Astrophysics - Solar and Stellar Astrophysics, Astrophysics - Astrophysics of Galaxies},
  year          = 2014,
  month         = may,
  volume        = {787},
  number        = {1},
  eid           = {89},
  pages         = {89},
  doi           = {10.1088/0004-637X/787/1/89},
  archiveprefix = {arXiv},
  eprint        = {1401.7342},
  primaryclass  = {astro-ph.SR},
  adsurl        = {https://ui.adsabs.harvard.edu/abs/2014ApJ...787...89B},
  adsnote       = {Provided by the SAO/NASA Astrophysics Data System}
}

@article{2021arXiv211213864G,
  author        = {{Generozov}, Aleksey and {Perets}, Hagai B.},
  title         = {{Constraints on the origins of hypervelocity stars: velocity distribution, mergers and star-formation history}},
  journal       = {arXiv e-prints},
  keywords      = {Astrophysics - Astrophysics of Galaxies, Astrophysics - Solar and Stellar Astrophysics},
  year          = 2021,
  month         = dec,
  eid           = {arXiv:2112.13864},
  pages         = {arXiv:2112.13864},
  archiveprefix = {arXiv},
  eprint        = {2112.13864},
  primaryclass  = {astro-ph.GA},
  adsurl        = {https://ui.adsabs.harvard.edu/abs/2021arXiv211213864G},
  adsnote       = {Provided by the SAO/NASA Astrophysics Data System}
}

@article{2020MNRAS.491.2465K,
  author        = {{Koposov}, Sergey E. and {Boubert}, Douglas and {Li}, Ting S. and {Erkal}, Denis and {Da Costa}, Gary S. and {Zucker}, Daniel B. and {Ji}, Alexander P. and {Kuehn}, Kyler and {Lewis}, Geraint F. and {Mackey}, Dougal and {Simpson}, Jeffrey D. and {Shipp}, Nora and {Wan}, Zhen and {Belokurov}, Vasily and {Bland-Hawthorn}, Joss and {Martell}, Sarah L. and {Nordlander}, Thomas and {Pace}, Andrew B. and {De Silva}, Gayandhi M. and {Wang}, Mei-Yu and {S5 Collaboration}},
  title         = {{Discovery of a nearby 1700 km s$^{-1}$ star ejected from the Milky Way by Sgr A*}},
  journal       = {\mnras},
  keywords      = {stars: kinematics and dynamics, Galaxy: centre, Galaxy: fundamental parameters, Astrophysics - Astrophysics of Galaxies},
  year          = 2020,
  month         = jan,
  volume        = {491},
  number        = {2},
  pages         = {2465-2480},
  doi           = {10.1093/mnras/stz3081},
  archiveprefix = {arXiv},
  eprint        = {1907.11725},
  primaryclass  = {astro-ph.GA},
  adsurl        = {https://ui.adsabs.harvard.edu/abs/2020MNRAS.491.2465K},
  adsnote       = {Provided by the SAO/NASA Astrophysics Data System}
}

@article{1998ApJ...509..678G,
  author        = {{Ghez}, A.~M. and {Klein}, B.~L. and {Morris}, M. and {Becklin}, E.~E.},
  title         = {{High Proper-Motion Stars in the Vicinity of Sagittarius A*: Evidence for a Supermassive Black Hole at the Center of Our Galaxy}},
  journal       = {\apj},
  keywords      = {BLACK HOLE PHYSICS, GALAXY: CENTER, GALAXY: KINEMATICS AND DYNAMICS, INFRARED: STARS, STARS: KINEMATICS, TECHNIQUES: IMAGE PROCESSING, Black Hole Physics, Galaxy: Center, Galaxy: Kinematics and Dynamics, Infrared: Stars, Stars: Kinematics, Techniques: Image Processing, Astrophysics},
  year          = 1998,
  month         = dec,
  volume        = {509},
  number        = {2},
  pages         = {678-686},
  doi           = {10.1086/306528},
  archiveprefix = {arXiv},
  eprint        = {astro-ph/9807210},
  primaryclass  = {astro-ph},
  adsurl        = {https://ui.adsabs.harvard.edu/abs/1998ApJ...509..678G},
  adsnote       = {Provided by the SAO/NASA Astrophysics Data System}
}

@article{2018A&A...615L..15G,
  author        = {{Gravity Collaboration} and {Abuter}, R. and {Amorim}, A. and {Anugu}, N. and {Baub{\"o}ck}, M. and {Benisty}, M. and {Berger}, J.~P. and {Blind}, N. and {Bonnet}, H. and {Brandner}, W. and {Buron}, A. and {Collin}, C. and {Chapron}, F. and {Cl{\'e}net}, Y. and {Coud{\'e} Du Foresto}, V. and {de Zeeuw}, P.~T. and {Deen}, C. and {Delplancke-Str{\"o}bele}, F. and {Dembet}, R. and {Dexter}, J. and {Duvert}, G. and {Eckart}, A. and {Eisenhauer}, F. and {Finger}, G. and {F{\"o}rster Schreiber}, N.~M. and {F{\'e}dou}, P. and {Garcia}, P. and {Garcia Lopez}, R. and {Gao}, F. and {Gendron}, E. and {Genzel}, R. and {Gillessen}, S. and {Gordo}, P. and {Habibi}, M. and {Haubois}, X. and {Haug}, M. and {Hau{\ss}mann}, F. and {Henning}, Th. and {Hippler}, S. and {Horrobin}, M. and {Hubert}, Z. and {Hubin}, N. and {Jimenez Rosales}, A. and {Jochum}, L. and {Jocou}, K. and {Kaufer}, A. and {Kellner}, S. and {Kendrew}, S. and {Kervella}, P. and {Kok}, Y. and {Kulas}, M. and {Lacour}, S. and {Lapeyr{\`e}re}, V. and {Lazareff}, B. and {Le Bouquin}, J. -B. and {L{\'e}na}, P. and {Lippa}, M. and {Lenzen}, R. and {M{\'e}rand}, A. and {M{\"u}ler}, E. and {Neumann}, U. and {Ott}, T. and {Palanca}, L. and {Paumard}, T. and {Pasquini}, L. and {Perraut}, K. and {Perrin}, G. and {Pfuhl}, O. and {Plewa}, P.~M. and {Rabien}, S. and {Ram{\'\i}rez}, A. and {Ramos}, J. and {Rau}, C. and {Rodr{\'\i}guez-Coira}, G. and {Rohloff}, R. -R. and {Rousset}, G. and {Sanchez-Bermudez}, J. and {Scheithauer}, S. and {Sch{\"o}ller}, M. and {Schuler}, N. and {Spyromilio}, J. and {Straub}, O. and {Straubmeier}, C. and {Sturm}, E. and {Tacconi}, L.~J. and {Tristram}, K.~R.~W. and {Vincent}, F. and {von Fellenberg}, S. and {Wank}, I. and {Waisberg}, I. and {Widmann}, F. and {Wieprecht}, E. and {Wiest}, M. and {Wiezorrek}, E. and {Woillez}, J. and {Yazici}, S. and {Ziegler}, D. and {Zins}, G.},
  title         = {{Detection of the gravitational redshift in the orbit of the star S2 near the Galactic centre massive black hole}},
  journal       = {\aap},
  keywords      = {Galaxy: center, gravitation, black hole physics, Astrophysics - Astrophysics of Galaxies, General Relativity and Quantum Cosmology, Physics - Classical Physics},
  year          = 2018,
  month         = jul,
  volume        = {615},
  eid           = {L15},
  pages         = {L15},
  doi           = {10.1051/0004-6361/201833718},
  archiveprefix = {arXiv},
  eprint        = {1807.09409},
  primaryclass  = {astro-ph.GA},
  adsurl        = {https://ui.adsabs.harvard.edu/abs/2018A&A...615L..15G},
  adsnote       = {Provided by the SAO/NASA Astrophysics Data System}
}

@article{2018MNRAS.479.2789B,
  author        = {{Boubert}, D. and {Guillochon}, J. and {Hawkins}, K. and {Ginsburg}, I. and {Evans}, N.~W. and {Strader}, J.},
  title         = {{Revisiting hypervelocity stars after Gaia DR2}},
  journal       = {\mnras},
  keywords      = {binaries: general, stars: kinematics and dynamics, Astrophysics - Astrophysics of Galaxies, Astrophysics - Solar and Stellar Astrophysics},
  year          = 2018,
  month         = sep,
  volume        = {479},
  number        = {2},
  pages         = {2789-2795},
  doi           = {10.1093/mnras/sty1601},
  archiveprefix = {arXiv},
  eprint        = {1804.10179},
  primaryclass  = {astro-ph.GA},
  adsurl        = {https://ui.adsabs.harvard.edu/abs/2018MNRAS.479.2789B},
  adsnote       = {Provided by the SAO/NASA Astrophysics Data System}
}

@article{2015MNRAS.448L...6T,
  author        = {{Tauris}, T.~M.},
  title         = {{Maximum speed of hypervelocity stars ejected from binaries.}},
  journal       = {\mnras},
  keywords      = {binaries: close, stars: kinematics and dynamics, supernovae: general, Astrophysics - Solar and Stellar Astrophysics, Astrophysics - Astrophysics of Galaxies, Astrophysics - High Energy Astrophysical Phenomena},
  year          = 2015,
  month         = mar,
  volume        = {448},
  pages         = {L6-L10},
  doi           = {10.1093/mnrasl/slu189},
  archiveprefix = {arXiv},
  eprint        = {1412.0657},
  primaryclass  = {astro-ph.SR},
  adsurl        = {https://ui.adsabs.harvard.edu/abs/2015MNRAS.448L...6T},
  adsnote       = {Provided by the SAO/NASA Astrophysics Data System}
}

@article{2019A&A...624A..66R,
  author        = {{Renzo}, M. and {Zapartas}, E. and {de Mink}, S.~E. and {G{\"o}tberg}, Y. and {Justham}, S. and {Farmer}, R.~J. and {Izzard}, R.~G. and {Toonen}, S. and {Sana}, H.},
  title         = {{Massive runaway and walkaway stars. A study of the kinematical imprints of the physical processes governing the evolution and explosion of their binary progenitors}},
  journal       = {\aap},
  keywords      = {astrometry, binaries: close, stars: evolution, stars: kinematics and dynamics, stars: massive, supernovae: general, Astrophysics - Solar and Stellar Astrophysics, Astrophysics - Astrophysics of Galaxies},
  year          = 2019,
  month         = apr,
  volume        = {624},
  eid           = {A66},
  pages         = {A66},
  doi           = {10.1051/0004-6361/201833297},
  archiveprefix = {arXiv},
  eprint        = {1804.09164},
  primaryclass  = {astro-ph.SR},
  adsurl        = {https://ui.adsabs.harvard.edu/abs/2019A&A...624A..66R},
  adsnote       = {Provided by the SAO/NASA Astrophysics Data System}
}

@article{2002MNRAS.336.1069B,
  author        = {{Baumgardt}, Holger and {Hut}, Piet and {Heggie}, Douglas C.},
  title         = {{Long-term evolution of isolated N-body systems}},
  journal       = {\mnras},
  keywords      = {stellar dynamics, methods: numerical, celestial mechanics, globular clusters: general, Astrophysics},
  year          = 2002,
  month         = nov,
  volume        = {336},
  number        = {4},
  pages         = {1069-1081},
  doi           = {10.1046/j.1365-8711.2002.05736.x},
  archiveprefix = {arXiv},
  eprint        = {astro-ph/0206258},
  primaryclass  = {astro-ph},
  adsurl        = {https://ui.adsabs.harvard.edu/abs/2002MNRAS.336.1069B},
  adsnote       = {Provided by the SAO/NASA Astrophysics Data System}
}

@article{2010arXiv1012.3224H,
  author        = {{Harris}, William E.},
  title         = {{A New Catalog of Globular Clusters in the Milky Way}},
  journal       = {arXiv e-prints},
  keywords      = {Astrophysics - Galaxy Astrophysics},
  year          = 2010,
  month         = dec,
  eid           = {arXiv:1012.3224},
  pages         = {arXiv:1012.3224},
  archiveprefix = {arXiv},
  eprint        = {1012.3224},
  primaryclass  = {astro-ph.GA},
  adsurl        = {https://ui.adsabs.harvard.edu/abs/2010arXiv1012.3224H},
  adsnote       = {Provided by the SAO/NASA Astrophysics Data System}
}

@article{1968MNRAS.138..495L,
  author  = {{Lynden-Bell}, D. and {Wood}, Roger},
  title   = {{The gravo-thermal catastrophe in isothermal spheres and the onset of red-giant structure for stellar systems}},
  journal = {\mnras},
  year    = 1968,
  month   = jan,
  volume  = {138},
  pages   = {495},
  doi     = {10.1093/mnras/138.4.495},
  adsurl  = {https://ui.adsabs.harvard.edu/abs/1968MNRAS.138..495L},
  adsnote = {Provided by the SAO/NASA Astrophysics Data System}
}

@article{1985ApJ...298...80C,
  author   = {{Casertano}, S. and {Hut}, P.},
  title    = {{Core radius and density measurements in N-body experiments Connections with theoretical and observational definitions}},
  journal  = {\apj},
  keywords = {Astronomical Models, Density Distribution, Galactic Clusters, Many Body Problem, Star Clusters, Gravitational Effects, Monte Carlo Method, Astrophysics},
  year     = 1985,
  month    = nov,
  volume   = {298},
  pages    = {80-94},
  doi      = {10.1086/163589},
  adsurl   = {https://ui.adsabs.harvard.edu/abs/1985ApJ...298...80C},
  adsnote  = {Provided by the SAO/NASA Astrophysics Data System}
}

@article{2022ApJ...930L..12E,
  author   = {{Event Horizon Telescope Collaboration} and {Akiyama}, Kazunori and {Alberdi}, Antxon and {Alef}, Walter and {Algaba}, Juan Carlos and {Anantua}, Richard and {Asada}, Keiichi and {Azulay}, Rebecca and {Bach}, Uwe and {Baczko}, Anne-Kathrin and {Ball}, David and {Balokovi{\'c}}, Mislav and {Barrett}, John and {Baub{\"o}ck}, Michi and {Benson}, Bradford A. and {Bintley}, Dan and {Blackburn}, Lindy and {Blundell}, Raymond and {Bouman}, Katherine L. and {Bower}, Geoffrey C. and {Boyce}, Hope and {Bremer}, Michael and {Brinkerink}, Christiaan D. and {Brissenden}, Roger and {Britzen}, Silke and {Broderick}, Avery E. and {Broguiere}, Dominique and {Bronzwaer}, Thomas and {Bustamante}, Sandra and {Byun}, Do-Young and {Carlstrom}, John E. and {Ceccobello}, Chiara and {Chael}, Andrew and {Chan}, Chi-kwan and {Chatterjee}, Koushik and {Chatterjee}, Shami and {Chen}, Ming-Tang and {Chen}, Yongjun and {Cheng}, Xiaopeng and {Cho}, Ilje and {Christian}, Pierre and {Conroy}, Nicholas S. and {Conway}, John E. and {Cordes}, James M. and {Crawford}, Thomas M. and {Crew}, Geoffrey B. and {Cruz-Osorio}, Alejandro and {Cui}, Yuzhu and {Davelaar}, Jordy and {Laurentis}, Mariafelicia De and {Deane}, Roger and {Dempsey}, Jessica and {Desvignes}, Gregory and {Dexter}, Jason and {Dhruv}, Vedant and {Doeleman}, Sheperd S. and {Dougal}, Sean and {Dzib}, Sergio A. and {Eatough}, Ralph P. and {Emami}, Razieh and {Falcke}, Heino and {Farah}, Joseph and {Fish}, Vincent L. and {Fomalont}, Ed and {Ford}, H. Alyson and {Fraga-Encinas}, Raquel and {Freeman}, William T. and {Friberg}, Per and {Fromm}, Christian M. and {Fuentes}, Antonio and {Galison}, Peter and {Gammie}, Charles F. and {Garc{\'\i}a}, Roberto and {Gentaz}, Olivier and {Georgiev}, Boris and {Goddi}, Ciriaco and {Gold}, Roman and {G{\'o}mez-Ruiz}, Arturo I. and {G{\'o}mez}, Jos{\'e} L. and {Gu}, Minfeng and {Gurwell}, Mark and {Hada}, Kazuhiro and {Haggard}, Daryl and {Haworth}, Kari and {Hecht}, Michael H. and {Hesper}, Ronald and {Heumann}, Dirk and {Ho}, Luis C. and {Ho}, Paul and {Honma}, Mareki and {Huang}, Chih-Wei L. and {Huang}, Lei and {Hughes}, David H. and {Ikeda}, Shiro and {Impellizzeri}, C.~M. Violette and {Inoue}, Makoto and {Issaoun}, Sara and {James}, David J. and {Jannuzi}, Buell T. and {Janssen}, Michael and {Jeter}, Britton and {Jiang}, Wu and {Jim{\'e}nez-Rosales}, Alejandra and {Johnson}, Michael D. and {Jorstad}, Svetlana and {Joshi}, Abhishek V. and {Jung}, Taehyun and {Karami}, Mansour and {Karuppusamy}, Ramesh and {Kawashima}, Tomohisa and {Keating}, Garrett K. and {Kettenis}, Mark and {Kim}, Dong-Jin and {Kim}, Jae-Young and {Kim}, Jongsoo and {Kim}, Junhan and {Kino}, Motoki and {Koay}, Jun Yi and {Kocherlakota}, Prashant and {Kofuji}, Yutaro and {Koch}, Patrick M. and {Koyama}, Shoko and {Kramer}, Carsten and {Kramer}, Michael and {Krichbaum}, Thomas P. and {Kuo}, Cheng-Yu and {Bella}, Noemi La and {Lauer}, Tod R. and {Lee}, Daeyoung and {Lee}, Sang-Sung and {Leung}, Po Kin and {Levis}, Aviad and {Li}, Zhiyuan and {Lico}, Rocco and {Lindahl}, Greg and {Lindqvist}, Michael and {Lisakov}, Mikhail and {Liu}, Jun and {Liu}, Kuo and {Liuzzo}, Elisabetta and {Lo}, Wen-Ping and {Lobanov}, Andrei P. and {Loinard}, Laurent and {Lonsdale}, Colin J. and {Lu}, Ru-Sen and {Mao}, Jirong and {Marchili}, Nicola and {Markoff}, Sera and {Marrone}, Daniel P. and {Marscher}, Alan P. and {Mart{\'\i}-Vidal}, Iv{\'a}n and {Matsushita}, Satoki and {Matthews}, Lynn D. and {Medeiros}, Lia and {Menten}, Karl M. and {Michalik}, Daniel and {Mizuno}, Izumi and {Mizuno}, Yosuke and {Moran}, James M. and {Moriyama}, Kotaro and {Moscibrodzka}, Monika and {M{\"u}ller}, Cornelia and {Mus}, Alejandro and {Musoke}, Gibwa and {Myserlis}, Ioannis and {Nadolski}, Andrew and {Nagai}, Hiroshi and {Nagar}, Neil M. and {Nakamura}, Masanori and {Narayan}, Ramesh and {Narayanan}, Gopal and {Natarajan}, Iniyan and {Nathanail}, Antonios and {Fuentes}, Santiago Navarro and {Neilsen}, Joey and {Neri}, Roberto and {Ni}, Chunchong and {Noutsos}, Aristeidis and {Nowak}, Michael A. and {Oh}, Junghwan and {Okino}, Hiroki and {Olivares}, H{\'e}ctor and {Ortiz-Le{\'o}n}, Gisela N. and {Oyama}, Tomoaki and {{\"O}zel}, Feryal and {Palumbo}, Daniel C.~M. and {Paraschos}, Georgios Filippos and {Park}, Jongho and {Parsons}, Harriet and {Patel}, Nimesh and {Pen}, Ue-Li and {Pesce}, Dominic W. and {Pi{\'e}tu}, Vincent and {Plambeck}, Richard and {PopStefanija}, Aleksandar and {Porth}, Oliver and {P{\"o}tzl}, Felix M. and {Prather}, Ben and {Preciado-L{\'o}pez}, Jorge A. and {Psaltis}, Dimitrios and {Pu}, Hung-Yi and {Ramakrishnan}, Venkatessh and {Rao}, Ramprasad and {Rawlings}, Mark G. and {Raymond}, Alexander W. and {Rezzolla}, Luciano and {Ricarte}, Angelo and {Ripperda}, Bart and {Roelofs}, Freek and {Rogers}, Alan and {Ros}, Eduardo and {Romero-Ca{\~n}izales}, Cristina and {Roshanineshat}, Arash and {Rottmann}, Helge and {Roy}, Alan L. and {Ruiz}, Ignacio and {Ruszczyk}, Chet and {Rygl}, Kazi L.~J. and {S{\'a}nchez}, Salvador and {S{\'a}nchez-Arg{\"u}elles}, David and {S{\'a}nchez-Portal}, Miguel and {Sasada}, Mahito and {Satapathy}, Kaushik and {Savolainen}, Tuomas and {Schloerb}, F. Peter and {Schonfeld}, Jonathan and {Schuster}, Karl-Friedrich and {Shao}, Lijing and {Shen}, Zhiqiang and {Small}, Des and {Sohn}, Bong Won and {SooHoo}, Jason and {Souccar}, Kamal and {Sun}, He and {Tazaki}, Fumie and {Tetarenko}, Alexandra J. and {Tiede}, Paul and {Tilanus}, Remo P.~J. and {Titus}, Michael and {Torne}, Pablo and {Traianou}, Efthalia and {Trent}, Tyler and {Trippe}, Sascha and {Turk}, Matthew and {van Bemmel}, Ilse and {van Langevelde}, Huib Jan and {van Rossum}, Daniel R. and {Vos}, Jesse and {Wagner}, Jan and {Ward-Thompson}, Derek and {Wardle}, John and {Weintroub}, Jonathan and {Wex}, Norbert and {Wharton}, Robert and {Wielgus}, Maciek and {Wiik}, Kaj and {Witzel}, Gunther and {Wondrak}, Michael F. and {Wong}, George N. and {Wu}, Qingwen and {Yamaguchi}, Paul and {Yoon}, Doosoo and {Young}, Andr{\'e} and {Young}, Ken and {Younsi}, Ziri and {Yuan}, Feng and {Yuan}, Ye-Fei and {Zensus}, J. Anton and {Zhang}, Shuo and {Zhao}, Guang-Yao and {Zhao}, Shan-Shan and {Agurto}, Claudio and {Allardi}, Alexander and {Amestica}, Rodrigo and {Araneda}, Juan Pablo and {Arriagada}, Oriel and {Berghuis}, Jennie L. and {Bertarini}, Alessandra and {Berthold}, Ryan and {Blanchard}, Jay and {Brown}, Ken and {C{\'a}rdenas}, Mauricio and {Cantzler}, Michael and {Caro}, Patricio and {Castillo-Dom{\'\i}nguez}, Edgar and {Chan}, Tin Lok and {Chang}, Chih-Cheng and {Chang}, Dominic O. and {Chang}, Shu-Hao and {Chang}, Song-Chu and {Chen}, Chung-Chen and {Chilson}, Ryan and {Chuter}, Tim C. and {Ciechanowicz}, Miroslaw and {Colin-Beltran}, Edgar and {Coulson}, Iain M. and {Crowley}, Joseph and {Degenaar}, Nathalie and {Dornbusch}, Sven and {Dur{\'a}n}, Carlos A. and {Everett}, Wendeline B. and {Faber}, Aaron and {Forster}, Karl and {Fuchs}, Miriam M. and {Gale}, David M. and {Geertsema}, Gertie and {Gonz{\'a}lez}, Edouard and {Graham}, Dave and {Gueth}, Fr{\'e}d{\'e}ric and {Halverson}, Nils W. and {Han}, Chih-Chiang and {Han}, Kuo-Chang and {Hasegawa}, Yutaka and {Hern{\'a}ndez-Rebollar}, Jos{\'e} Luis and {Herrera}, Cristian and {Herrero-Illana}, Ruben and {Heyminck}, Stefan and {Hirota}, Akihiko and {Hoge}, James and {Hostler Schimpf}, Shelbi R. and {Howie}, Ryan E. and {Huang}, Yau-De and {Jiang}, Homin and {Jinchi}, Hao and {John}, David and {Kimura}, Kimihiro and {Klein}, Thomas and {Kubo}, Derek and {Kuroda}, John and {Kwon}, Caleb and {Lacasse}, Richard and {Laing}, Robert and {Leitch}, Erik M. and {Li}, Chao-Te and {Liu}, Ching-Tang and {Liu}, Kuan-Yu and {Lin}, Lupin C. -C. and {Lu}, Li-Ming and {Mac-Auliffe}, Felipe and {Martin-Cocher}, Pierre and {Matulonis}, Callie and {Maute}, John K. and {Messias}, Hugo and {Meyer-Zhao}, Zheng and {Monta{\~n}a}, Alfredo and {Montenegro-Montes}, Francisco and {Montgomerie}, William and {Moreno Nolasco}, Marcos Emir and {Muders}, Dirk and {Nishioka}, Hiroaki and {Norton}, Timothy J. and {Nystrom}, George and {Ogawa}, Hideo and {Olivares}, Rodrigo and {Oshiro}, Peter and {P{\'e}rez-Beaupuits}, Juan Pablo and {Parra}, Rodrigo and {Phillips}, Neil M. and {Poirier}, Michael and {Pradel}, Nicolas and {Qiu}, Richard and {Raffin}, Philippe A. and {Rahlin}, Alexandra S. and {Ram{\'\i}rez}, Jorge and {Ressler}, Sean and {Reynolds}, Mark and {Rodr{\'\i}guez-Montoya}, Iv{\'a}n and {Saez-Madain}, Alejandro F. and {Santana}, Jorge and {Shaw}, Paul and {Shirkey}, Leslie E. and {Silva}, Kevin M. and {Snow}, William and {Sousa}, Don and {Sridharan}, T.~K. and {Stahm}, William and {Stark}, Anthony A. and {Test}, John and {Torstensson}, Karl and {Venegas}, Paulina and {Walther}, Craig and {Wei}, Ta-Shun and {White}, Chris and {Wieching}, Gundolf and {Wijnands}, Rudy and {Wouterloot}, Jan G.~A. and {Yu}, Chen-Yu and {Yu (于威)}, Wei and {Zeballos}, Milagros},
  title    = {{First Sagittarius A* Event Horizon Telescope Results. I. The Shadow of the Supermassive Black Hole in the Center of the Milky Way}},
  journal  = {\apjl},
  keywords = {Black holes, Kerr black holes, Rotating black holes, Heterodyne interferometry, Galactic center, 162, 886, 1406, 726, 565},
  year     = 2022,
  month    = may,
  volume   = {930},
  number   = {2},
  eid      = {L12},
  pages    = {L12},
  doi      = {10.3847/2041-8213/ac6674},
  adsurl   = {https://ui.adsabs.harvard.edu/abs/2022ApJ...930L..12E},
  adsnote  = {Provided by the SAO/NASA Astrophysics Data System}
}

@book{1987degc.book.....S,
  author    = {{Spitzer}, Lyman},
  title     = {{Dynamical evolution of globular clusters}},
  year      = 1987,
  adsurl    = {https://ui.adsabs.harvard.edu/abs/1987degc.book.....S},
  adsnote   = {Provided by the SAO/NASA Astrophysics Data System},
  publisher = {{Princeton University Press}}
}

@article{2021ApJ...912..102R,
  author        = {{Rui}, Nicholas Z. and {Kremer}, Kyle and {Weatherford}, Newlin C. and {Chatterjee}, Sourav and {Rasio}, Frederic A. and {Rodriguez}, Carl L. and {Ye}, Claire S.},
  title         = {{Matching Globular Cluster Models to Observations}},
  journal       = {\apj},
  keywords      = {Globular star clusters, Computational methods, Cataclysmic variable stars, X-ray binary stars, Binary stars, Stellar mass black holes, Stellar dynamics, 656, 1965, 203, 1811, 154, 1611, 1596, Astrophysics - Astrophysics of Galaxies, Astrophysics - High Energy Astrophysical Phenomena, Astrophysics - Solar and Stellar Astrophysics},
  year          = 2021,
  month         = may,
  volume        = {912},
  number        = {2},
  eid           = {102},
  pages         = {102},
  doi           = {10.3847/1538-4357/abed49},
  archiveprefix = {arXiv},
  eprint        = {2103.05033},
  primaryclass  = {astro-ph.GA},
  adsurl        = {https://ui.adsabs.harvard.edu/abs/2021ApJ...912..102R},
  adsnote       = {Provided by the SAO/NASA Astrophysics Data System}
}

@article{2013ApJ...775..134V,
  author        = {{VandenBerg}, Don A. and {Brogaard}, K. and {Leaman}, R. and {Casagrande}, L.},
  title         = {{The Ages of 55 Globular Clusters as Determined Using an Improved \textbackslashDelta V\^HB\_TO Method along with Color-Magnitude Diagram Constraints, and Their Implications for Broader Issues}},
  journal       = {\apj},
  keywords      = {globular clusters: general, stars: abundances, stars: evolution, stars: interiors, stars: Population II, Astrophysics - Galaxy Astrophysics},
  year          = 2013,
  month         = oct,
  volume        = {775},
  number        = {2},
  eid           = {134},
  pages         = {134},
  doi           = {10.1088/0004-637X/775/2/134},
  archiveprefix = {arXiv},
  eprint        = {1308.2257},
  primaryclass  = {astro-ph.GA},
  adsurl        = {https://ui.adsabs.harvard.edu/abs/2013ApJ...775..134V},
  adsnote       = {Provided by the SAO/NASA Astrophysics Data System}
}

@article{2015ApJS..216...29B,
  author        = {{Bovy}, Jo},
  title         = {{galpy: A python Library for Galactic Dynamics}},
  journal       = {\apjs},
  keywords      = {galaxies: general, galaxies: kinematics and dynamics, Galaxy: fundamental parameters, Astrophysics - Astrophysics of Galaxies, Astrophysics - Instrumentation and Methods for Astrophysics},
  year          = 2015,
  month         = feb,
  volume        = {216},
  number        = {2},
  eid           = {29},
  pages         = {29},
  doi           = {10.1088/0067-0049/216/2/29},
  archiveprefix = {arXiv},
  eprint        = {1412.3451},
  primaryclass  = {astro-ph.GA},
  adsurl        = {https://ui.adsabs.harvard.edu/abs/2015ApJS..216...29B},
  adsnote       = {Provided by the SAO/NASA Astrophysics Data System}
}

@article{2018ApJ...866...39B,
  author        = {{Brown}, Warren R. and {Lattanzi}, Mario G. and {Kenyon}, Scott J. and {Geller}, Margaret J.},
  title         = {{Gaia and the Galactic Center Origin of Hypervelocity Stars}},
  journal       = {\apj},
  keywords      = {Galaxy: halo, Galaxy: kinematics and dynamics, stars: early-type, stars: kinematics and dynamics, Astrophysics - Solar and Stellar Astrophysics, Astrophysics - Astrophysics of Galaxies},
  year          = 2018,
  month         = oct,
  volume        = {866},
  number        = {1},
  eid           = {39},
  pages         = {39},
  doi           = {10.3847/1538-4357/aadb8e},
  archiveprefix = {arXiv},
  eprint        = {1805.04184},
  primaryclass  = {astro-ph.SR},
  adsurl        = {https://ui.adsabs.harvard.edu/abs/2018ApJ...866...39B},
  adsnote       = {Provided by the SAO/NASA Astrophysics Data System}
}

@article{2018ApJ...866..121H,
  author        = {{Hattori}, Kohei and {Valluri}, Monica and {Bell}, Eric F. and {Roederer}, Ian U.},
  title         = {{Old, Metal-poor Extreme Velocity Stars in the Solar Neighborhood}},
  journal       = {\apj},
  keywords      = {Galaxy: fundamental parameters, Galaxy: halo, Galaxy: kinematics and dynamics, Magellanic Clouds, stars: kinematics and dynamics, Astrophysics - Astrophysics of Galaxies, Astrophysics - Cosmology and Nongalactic Astrophysics, Astrophysics - Solar and Stellar Astrophysics},
  year          = 2018,
  month         = oct,
  volume        = {866},
  number        = {2},
  eid           = {121},
  pages         = {121},
  doi           = {10.3847/1538-4357/aadee5},
  archiveprefix = {arXiv},
  eprint        = {1805.03194},
  primaryclass  = {astro-ph.GA},
  adsurl        = {https://ui.adsabs.harvard.edu/abs/2018ApJ...866..121H},
  adsnote       = {Provided by the SAO/NASA Astrophysics Data System}
}

@article{2019MNRAS.483.2007E,
  author        = {{Erkal}, Denis and {Boubert}, Douglas and {Gualandris}, Alessia and {Evans}, N. Wyn and {Antonini}, Fabio},
  title         = {{A hypervelocity star with a Magellanic origin}},
  journal       = {\mnras},
  keywords      = {galaxies: hypervelocity stars, stars: kinematics and dynamics, galaxies: Magellanic Clouds, Astrophysics - Astrophysics of Galaxies},
  year          = 2019,
  month         = feb,
  volume        = {483},
  number        = {2},
  pages         = {2007-2013},
  doi           = {10.1093/mnras/sty2674},
  archiveprefix = {arXiv},
  eprint        = {1804.10197},
  primaryclass  = {astro-ph.GA},
  adsurl        = {https://ui.adsabs.harvard.edu/abs/2019MNRAS.483.2007E},
  adsnote       = {Provided by the SAO/NASA Astrophysics Data System}
}

@article{2021A&A...646L...4I,
  author        = {{Irrgang}, Andreas and {Dimpel}, Markus and {Heber}, Ulrich and {Raddi}, Roberto},
  title         = {{Blue extreme disk-runaway stars with Gaia EDR3}},
  journal       = {\aap},
  keywords      = {stars: distances, stars: early-type, stars: fundamental parameters, stars: kinematics and dynamics, Astrophysics - Astrophysics of Galaxies, Astrophysics - Solar and Stellar Astrophysics},
  year          = 2021,
  month         = feb,
  volume        = {646},
  eid           = {L4},
  pages         = {L4},
  doi           = {10.1051/0004-6361/202040178},
  archiveprefix = {arXiv},
  eprint        = {2101.10878},
  primaryclass  = {astro-ph.GA},
  adsurl        = {https://ui.adsabs.harvard.edu/abs/2021A&A...646L...4I},
  adsnote       = {Provided by the SAO/NASA Astrophysics Data System}
}

@article{1967BOTT....4...86P,
  author   = {{Poveda}, A. and {Ruiz}, J. and {Allen}, C.},
  title    = {{Run-away Stars as the Result of the Gravitational Collapse of Proto-stellar Clusters}},
  journal  = {Boletin de los Observatorios Tonantzintla y Tacubaya},
  keywords = {Stars: Kinematics, Stars: Binaries},
  year     = 1967,
  month    = apr,
  volume   = {4},
  pages    = {86-90},
  adsurl   = {https://ui.adsabs.harvard.edu/abs/1967BOTT....4...86P},
  adsnote  = {Provided by the SAO/NASA Astrophysics Data System}
}

@article{1961BAN....15..265B,
  author  = {{Blaauw}, A.},
  title   = {{On the origin of the O- and B-type stars with high velocities (the ``run-away'' stars), and some related problems}},
  journal = {\bain},
  year    = 1961,
  month   = may,
  volume  = {15},
  pages   = {265},
  adsurl  = {https://ui.adsabs.harvard.edu/abs/1961BAN....15..265B},
  adsnote = {Provided by the SAO/NASA Astrophysics Data System}
}

@article{2007ApJ...658.1047F,
  author        = {{Fregeau}, John M. and {Rasio}, Frederic A.},
  title         = {{Monte Carlo Simulations of Globular Cluster Evolution. IV. Direct Integration of Strong Interactions}},
  journal       = {\apj},
  keywords      = {Galaxy: Globular Clusters: General, Methods: Numerical, Stellar Dynamics, Astrophysics},
  year          = 2007,
  month         = apr,
  volume        = {658},
  number        = {2},
  pages         = {1047-1061},
  doi           = {10.1086/511809},
  archiveprefix = {arXiv},
  eprint        = {astro-ph/0608261},
  primaryclass  = {astro-ph},
  adsurl        = {https://ui.adsabs.harvard.edu/abs/2007ApJ...658.1047F},
  adsnote       = {Provided by the SAO/NASA Astrophysics Data System}
}

@article{2013MNRAS.429.2881C,
  author        = {{Chatterjee}, Sourav and {Umbreit}, Stefan and {Fregeau}, John M. and {Rasio}, Frederic A.},
  title         = {{Understanding the dynamical state of globular clusters: core-collapsed versus non-core-collapsed}},
  journal       = {\mnras},
  keywords      = {scattering, methods: numerical, methods: statistical, stars: kinematics and dynamics, globular clusters: general, galaxies: star clusters: general, Astrophysics - Astrophysics of Galaxies},
  year          = 2013,
  month         = mar,
  volume        = {429},
  number        = {4},
  pages         = {2881-2893},
  doi           = {10.1093/mnras/sts464},
  archiveprefix = {arXiv},
  eprint        = {1207.3063},
  primaryclass  = {astro-ph.GA},
  adsurl        = {https://ui.adsabs.harvard.edu/abs/2013MNRAS.429.2881C},
  adsnote       = {Provided by the SAO/NASA Astrophysics Data System}
}

@article{2000ApJ...528L..17P,
  author        = {{Portegies Zwart}, Simon F. and {McMillan}, Stephen L.~W.},
  title         = {{Black Hole Mergers in the Universe}},
  journal       = {\apjl},
  keywords      = {STARS: BINARIES: CLOSE, GALAXY: GLOBULAR CLUSTERS: GENERAL, GRAVITATION, METHODS: N-BODY SIMULATIONS, STARS: EVOLUTION, STARS: KINEMATICS, Stars: Binaries: Close, Galaxy: Globular Clusters: General, Gravitation, Methods: n-Body Simulations, Stars: Evolution, Stars: Kinematics, Astrophysics},
  year          = 2000,
  month         = jan,
  volume        = {528},
  number        = {1},
  pages         = {L17-L20},
  doi           = {10.1086/312422},
  archiveprefix = {arXiv},
  eprint        = {astro-ph/9910061},
  primaryclass  = {astro-ph},
  adsurl        = {https://ui.adsabs.harvard.edu/abs/2000ApJ...528L..17P},
  adsnote       = {Provided by the SAO/NASA Astrophysics Data System}
}

@article{2022MNRAS.tmp.3236I,
  author        = {{Igoshev}, Andrei P. and {Perets}, Hagai and {Hallakoun}, Na'ama},
  title         = {{Hyper-runaway and hypervelocity white dwarf candidates in Gaia Data Release 3: possible remnants from Ia/Iax supernova explosions or dynamical encounters}},
  journal       = {\mnras},
  keywords      = {white dwarfs, methods: statistical, subdwarfs, supernovae: general, Astrophysics - Solar and Stellar Astrophysics, Astrophysics - Astrophysics of Galaxies},
  year          = 2022,
  month         = nov,
  doi           = {10.1093/mnras/stac3488},
  archiveprefix = {arXiv},
  eprint        = {2209.09915},
  primaryclass  = {astro-ph.SR},
  adsurl        = {https://ui.adsabs.harvard.edu/abs/2022MNRAS.tmp.3236I},
  adsnote       = {Provided by the SAO/NASA Astrophysics Data System}
}

@article{2000ApJ...540..969J,
  author        = {{Joshi}, Kriten J. and {Rasio}, Frederic A. and {Portegies Zwart}, Simon},
  title         = {{Monte Carlo Simulations of Globular Cluster Evolution. I. Method and Test Calculations}},
  journal       = {\apj},
  keywords      = {Celestial Mechanics, Stellar Dynamics, Galaxy: Globular Clusters: General, Methods: n-Body Simulations, Methods: Numerical, Astrophysics},
  year          = 2000,
  month         = sep,
  volume        = {540},
  number        = {2},
  pages         = {969-982},
  doi           = {10.1086/309350},
  archiveprefix = {arXiv},
  eprint        = {astro-ph/9909115},
  primaryclass  = {astro-ph},
  adsurl        = {https://ui.adsabs.harvard.edu/abs/2000ApJ...540..969J},
  adsnote       = {Provided by the SAO/NASA Astrophysics Data System}
}


@article{2013ApJS..204...15P,
  author        = {{Pattabiraman}, Bharath and {Umbreit}, Stefan and {Liao}, Wei-keng and {Choudhary}, Alok and {Kalogera}, Vassiliki and {Memik}, Gokhan and {Rasio}, Frederic A.},
  title         = {{A Parallel Monte Carlo Code for Simulating Collisional N-body Systems}},
  journal       = {\apjs},
  keywords      = {galaxies: clusters: general, globular clusters: general, methods: numerical, Astrophysics - Instrumentation and Methods for Astrophysics, Astrophysics - Astrophysics of Galaxies, Physics - Computational Physics},
  year          = 2013,
  month         = feb,
  volume        = {204},
  number        = {2},
  eid           = {15},
  pages         = {15},
  doi           = {10.1088/0067-0049/204/2/15},
  archiveprefix = {arXiv},
  eprint        = {1206.5878},
  primaryclass  = {astro-ph.IM},
  adsurl        = {https://ui.adsabs.harvard.edu/abs/2013ApJS..204...15P},
  adsnote       = {Provided by the SAO/NASA Astrophysics Data System}
}

@article{Rodriguez2022,
  author        = {{Rodriguez}, Carl L. and {Weatherford}, Newlin C. and {Coughlin}, Scott C. and {Amaro-Seoane}, Pau and {Breivik}, Katelyn and {Chatterjee}, Sourav and {Fragione}, Giacomo and {K{\i}ro{\u{g}}lu}, Fulya and {Kremer}, Kyle and {Rui}, Nicholas Z. and {Ye}, Claire S. and {Zevin}, Michael and {Rasio}, Frederic A.},
  title         = {{Modeling Dense Star Clusters in the Milky Way and beyond with the Cluster Monte Carlo Code}},
  journal       = {\apjs},
  keywords      = {1883, 1971, 678, 656, 1083, 1596, Astrophysics - Astrophysics of Galaxies, Astrophysics - Instrumentation and Methods for Astrophysics},
  year          = 2022,
  month         = feb,
  volume        = {258},
  number        = {2},
  eid           = {22},
  pages         = {22},
  doi           = {10.3847/1538-4365/ac2edf},
  archiveprefix = {arXiv},
  eprint        = {2106.02643},
  primaryclass  = {astro-ph.GA},
  adsurl        = {https://ui.adsabs.harvard.edu/abs/2022ApJS..258...22R},
  adsnote       = {Provided by the SAO/NASA Astrophysics Data System}
}

@article{2013ApJ...763L..15M,
  author        = {{Morscher}, Meagan and {Umbreit}, Stefan and {Farr}, Will M. and {Rasio}, Frederic A.},
  title         = {{Retention of Stellar-mass Black Holes in Globular Clusters}},
  journal       = {\apjl},
  keywords      = {binaries: close, globular clusters: general, gravitational waves, methods: numerical, stars: kinematics and dynamics, Astrophysics - Astrophysics of Galaxies},
  year          = 2013,
  month         = jan,
  volume        = {763},
  number        = {1},
  eid           = {L15},
  pages         = {L15},
  doi           = {10.1088/2041-8205/763/1/L15},
  archiveprefix = {arXiv},
  eprint        = {1211.3372},
  primaryclass  = {astro-ph.GA},
  adsurl        = {https://ui.adsabs.harvard.edu/abs/2013ApJ...763L..15M},
  adsnote       = {Provided by the SAO/NASA Astrophysics Data System}
}

@article{2020ApJ...898...71B,
  author        = {{Breivik}, Katelyn and {Coughlin}, Scott and {Zevin}, Michael and {Rodriguez}, Carl L. and {Kremer}, Kyle and {Ye}, Claire S. and {Andrews}, Jeff J. and {Kurkowski}, Michael and {Digman}, Matthew C. and {Larson}, Shane L. and {Rasio}, Frederic A.},
  title         = {{COSMIC Variance in Binary Population Synthesis}},
  journal       = {\apj},
  keywords      = {Compact binary stars, Interacting binary stars, Stellar populations, Gravitational wave astronomy, 283, 801, 1622, 675, Astrophysics - High Energy Astrophysical Phenomena, Astrophysics - Solar and Stellar Astrophysics},
  year          = 2020,
  month         = jul,
  volume        = {898},
  number        = {1},
  eid           = {71},
  pages         = {71},
  doi           = {10.3847/1538-4357/ab9d85},
  archiveprefix = {arXiv},
  eprint        = {1911.00903},
  primaryclass  = {astro-ph.HE},
  adsurl        = {https://ui.adsabs.harvard.edu/abs/2020ApJ...898...71B},
  adsnote       = {Provided by the SAO/NASA Astrophysics Data System}
}


@article{2022A&A...667A.148G,
  author        = {{Gaia Collaboration} and {Klioner}, S.~A. and {Lindegren}, L. and {Mignard}, F. and {Hern{\'a}ndez}, J. and {Ramos-Lerate}, M. and {Bastian}, U. and {Biermann}, M. and {Bombrun}, A. and {de Torres}, A. and {Gerlach}, E. and {Geyer}, R. and {Hilger}, T. and {Hobbs}, D. and {Lammers}, U.~L. and {McMillan}, P.~J. and {Steidelm{\"u}ller}, H. and {Teyssier}, D. and {Raiteri}, C.~M. and {Bartolom{\'e}}, S. and {Bernet}, M. and {Casta{\~n}eda}, J. and {Clotet}, M. and {Davidson}, M. and {Fabricius}, C. and {Garralda Torres}, N. and {Gonz{\'a}lez-Vidal}, J.~J. and {Portell}, J. and {Rowell}, N. and {Torra}, F. and {Torra}, J. and {Brown}, A.~G.~A. and {Vallenari}, A. and {Prusti}, T. and {de Bruijne}, J.~H.~J. and {Arenou}, F. and {Babusiaux}, C. and {Creevey}, O.~L. and {Ducourant}, C. and {Evans}, D.~W. and {Eyer}, L. and {Guerra}, R. and {Hutton}, A. and {Jordi}, C. and {Luri}, X. and {Panem}, C. and {Pourbaix}, D. and {Randich}, S. and {Sartoretti}, P. and {Soubiran}, C. and {Tanga}, P. and {Walton}, N.~A. and {Bailer-Jones}, C.~A.~L. and {Drimmel}, R. and {Jansen}, F. and {Katz}, D. and {Lattanzi}, M.~G. and {van Leeuwen}, F. and {Bakker}, J. and {Cacciari}, C. and {De Angeli}, F. and {Fouesneau}, M. and {Fr{\'e}mat}, Y. and {Galluccio}, L. and {Guerrier}, A. and {Heiter}, U. and {Masana}, E. and {Messineo}, R. and {Mowlavi}, N. and {Nicolas}, C. and {Nienartowicz}, K. and {Pailler}, F. and {Panuzzo}, P. and {Riclet}, F. and {Roux}, W. and {Seabroke}, G.~M. and {Sordo}, R. and {Th{\'e}venin}, F. and {Gracia-Abril}, G. and {Altmann}, M. and {Andrae}, R. and {Audard}, M. and {Bellas-Velidis}, I. and {Benson}, K. and {Berthier}, J. and {Blomme}, R. and {Burgess}, P.~W. and {Busonero}, D. and {Busso}, G. and {C{\'a}novas}, H. and {Carry}, B. and {Cellino}, A. and {Cheek}, N. and {Clementini}, G. and {Damerdji}, Y. and {de Teodoro}, P. and {Nu{\~n}ez Campos}, M. and {Delchambre}, L. and {Dell'Oro}, A. and {Esquej}, P. and {Fern{\'a}ndez-Hern{\'a}ndez}, J. and {Fraile}, E. and {Garabato}, D. and {Garc{\'\i}a-Lario}, P. and {Gosset}, E. and {Haigron}, R. and {Halbwachs}, J. -L. and {Hambly}, N.~C. and {Harrison}, D.~L. and {Hestroffer}, D. and {Hodgkin}, S.~T. and {Holl}, B. and {Jan{\ss}en}, K. and {Jevardat de Fombelle}, G. and {Jordan}, S. and {Krone-Martins}, A. and {Lanzafame}, A.~C. and {L{\"o}ffler}, W. and {Marchal}, O. and {Marrese}, P.~M. and {Moitinho}, A. and {Muinonen}, K. and {Osborne}, P. and {Pancino}, E. and {Pauwels}, T. and {Recio-Blanco}, A. and {Reyl{\'e}}, C. and {Riello}, M. and {Rimoldini}, L. and {Roegiers}, T. and {Rybizki}, J. and {Sarro}, L.~M. and {Siopis}, C. and {Smith}, M. and {Sozzetti}, A. and {Utrilla}, E. and {van Leeuwen}, M. and {Abbas}, U. and {{\'A}brah{\'a}m}, P. and {Abreu Aramburu}, A. and {Aerts}, C. and {Aguado}, J.~J. and {Ajaj}, M. and {Aldea-Montero}, F. and {Altavilla}, G. and {{\'A}lvarez}, M.~A. and {Alves}, J. and {Anderson}, R.~I. and {Anglada Varela}, E. and {Antoja}, T. and {Baines}, D. and {Baker}, S.~G. and {Balaguer-N{\'u}{\~n}ez}, L. and {Balbinot}, E. and {Balog}, Z. and {Barache}, C. and {Barbato}, D. and {Barros}, M. and {Barstow}, M.~A. and {Bassilana}, J. -L. and {Bauchet}, N. and {Becciani}, U. and {Bellazzini}, M. and {Berihuete}, A. and {Bertone}, S. and {Bianchi}, L. and {Binnenfeld}, A. and {Blanco-Cuaresma}, S. and {Boch}, T. and {Bossini}, D. and {Bouquillon}, S. and {Bragaglia}, A. and {Bramante}, L. and {Breedt}, E. and {Bressan}, A. and {Brouillet}, N. and {Brugaletta}, E. and {Bucciarelli}, B. and {Burlacu}, A. and {Butkevich}, A.~G. and {Buzzi}, R. and {Caffau}, E. and {Cancelliere}, R. and {Cantat-Gaudin}, T. and {Carballo}, R. and {Carlucci}, T. and {Carnerero}, M.~I. and {Carrasco}, J.~M. and {Casamiquela}, L. and {Castellani}, M. and {Castro-Ginard}, A. and {Chaoul}, L. and {Charlot}, P. and {Chemin}, L. and {Chiaramida}, V. and {Chiavassa}, A. and {Chornay}, N. and {Comoretto}, G. and {Contursi}, G. and {Cooper}, W.~J. and {Cornez}, T. and {Cowell}, S. and {Crifo}, F. and {Cropper}, M. and {Crosta}, M. and {Crowley}, C. and {Dafonte}, C. and {Dapergolas}, A. and {David}, P. and {de Laverny}, P. and {De Luise}, F. and {De March}, R. and {De Ridder}, J. and {de Souza}, R. and {del Peloso}, E.~F. and {del Pozo}, E. and {Delbo}, M. and {Delgado}, A. and {Delisle}, J. -B. and {Demouchy}, C. and {Dharmawardena}, T.~E. and {Diakite}, S. and {Diener}, C. and {Distefano}, E. and {Dolding}, C. and {Enke}, H. and {Fabre}, C. and {Fabrizio}, M. and {Faigler}, S. and {Fedorets}, G. and {Fernique}, P. and {Fienga}, A. and {Figueras}, F. and {Fournier}, Y. and {Fouron}, C. and {Fragkoudi}, F. and {Gai}, M. and {Garcia-Gutierrez}, A. and {Garcia-Reinaldos}, M. and {Garc{\'\i}a-Torres}, M. and {Garofalo}, A. and {Gavel}, A. and {Gavras}, P. and {Giacobbe}, P. and {Gilmore}, G. and {Girona}, S. and {Giuffrida}, G. and {Gomel}, R. and {Gomez}, A. and {Gonz{\'a}lez-N{\'u}{\~n}ez}, J. and {Gonz{\'a}lez-Santamar{\'\i}a}, I. and {Granvik}, M. and {Guillout}, P. and {Guiraud}, J. and {Guti{\'e}rrez-S{\'a}nchez}, R. and {Guy}, L.~P. and {Hatzidimitriou}, D. and {Hauser}, M. and {Haywood}, M. and {Helmer}, A. and {Helmi}, A. and {Sarmiento}, M.~H. and {Hidalgo}, S.~L. and {H{\l}adczuk}, N. and {Holland}, G. and {Huckle}, H.~E. and {Jardine}, K. and {Jasniewicz}, G. and {Jean-Antoine Piccolo}, A. and {Jim{\'e}nez-Arranz}, {\'O}. and {Juaristi Campillo}, J. and {Julbe}, F. and {Karbevska}, L. and {Kervella}, P. and {Khanna}, S. and {Kordopatis}, G. and {Korn}, A.~J. and {K{\'o}sp{\'a}l}, {\'A}. and {Kostrzewa-Rutkowska}, Z. and {Kruszy{\'n}ska}, K. and {Kun}, M. and {Laizeau}, P. and {Lambert}, S. and {Lanza}, A.~F. and {Lasne}, Y. and {Le Campion}, J. -F. and {Lebreton}, Y. and {Lebzelter}, T. and {Leccia}, S. and {Leclerc}, N. and {Lecoeur-Taibi}, I. and {Liao}, S. and {Licata}, E.~L. and {Lindstr{\o}m}, H.~E.~P. and {Lister}, T.~A. and {Livanou}, E. and {Lobel}, A. and {Lorca}, A. and {Loup}, C. and {Madrero Pardo}, P. and {Magdaleno Romeo}, A. and {Managau}, S. and {Mann}, R.~G. and {Manteiga}, M. and {Marchant}, J.~M. and {Marconi}, M. and {Marcos}, J. and {Santos}, M.~M.~S. Marcos and {Mar{\'\i}n Pina}, D. and {Marinoni}, S. and {Marocco}, F. and {Marshall}, D.~J. and {Polo}, L. Martin and {Mart{\'\i}n-Fleitas}, J.~M. and {Marton}, G. and {Mary}, N. and {Masip}, A. and {Massari}, D. and {Mastrobuono-Battisti}, A. and {Mazeh}, T. and {Messina}, S. and {Michalik}, D. and {Millar}, N.~R. and {Mints}, A. and {Molina}, D. and {Molinaro}, R. and {Moln{\'a}r}, L. and {Monari}, G. and {Mongui{\'o}}, M. and {Montegriffo}, P. and {Montero}, A. and {Mor}, R. and {Mora}, A. and {Morbidelli}, R. and {Morel}, T. and {Morris}, D. and {Muraveva}, T. and {Murphy}, C.~P. and {Musella}, I. and {Nagy}, Z. and {Noval}, L. and {Oca{\~n}a}, F. and {Ogden}, A. and {Ordenovic}, C. and {Osinde}, J.~O. and {Pagani}, C. and {Pagano}, I. and {Palaversa}, L. and {Palicio}, P.~A. and {Pallas-Quintela}, L. and {Panahi}, A. and {Payne-Wardenaar}, S. and {Pe{\~n}alosa Esteller}, X. and {Penttil{\"a}}, A. and {Pichon}, B. and {Piersimoni}, A.~M. and {Pineau}, F. -X. and {Plachy}, E. and {Plum}, G. and {Poggio}, E. and {Pr{\v{s}}a}, A. and {Pulone}, L. and {Racero}, E. and {Ragaini}, S. and {Rainer}, M. and {Rambaux}, N. and {Ramos}, P. and {Re Fiorentin}, P. and {Regibo}, S. and {Richards}, P.~J. and {Diaz}, C. Rios and {Ripepi}, V. and {Riva}, A. and {Rix}, H. -W. and {Rixon}, G. and {Robichon}, N. and {Robin}, A.~C. and {Robin}, C. and {Roelens}, M. and {Rogues}, H.~R.~O. and {Rohrbasser}, L. and {Romero-G{\'o}mez}, M. and {Royer}, F. and {Ruz Mieres}, D. and {Rybicki}, K.~A. and {Sadowski}, G. and {S{\'a}ez N{\'u}{\~n}ez}, A. and {Sagrist{\`a} Sell{\'e}s}, A. and {Sahlmann}, J. and {Salguero}, E. and {Samaras}, N. and {Sanchez Gimenez}, V. and {Sanna}, N. and {Santove{\~n}a}, R. and {Sarasso}, M. and {Schultheis}, M. and {Sciacca}, E. and {Segol}, M. and {Segovia}, J.~C. and {S{\'e}gransan}, D. and {Semeux}, D. and {Shahaf}, S. and {Siddiqui}, H.~I. and {Siebert}, A. and {Siltala}, L. and {Silvelo}, A. and {Slezak}, E. and {Slezak}, I. and {Smart}, R.~L. and {Snaith}, O.~N. and {Solano}, E. and {Solitro}, F. and {Souami}, D. and {Souchay}, J. and {Spagna}, A. and {Spina}, L. and {Spoto}, F. and {Steele}, I.~A. and {Stephenson}, C.~A. and {S{\"u}veges}, M. and {Surdej}, J. and {Szabados}, L. and {Szegedi-Elek}, E. and {Taris}, F. and {Taylor}, M.~B. and {Teixeira}, R. and {Tolomei}, L. and {Tonello}, N. and {Torralba Elipe}, G. and {Trabucchi}, M. and {Tsounis}, A.~T. and {Turon}, C. and {Ulla}, A. and {Unger}, N. and {Vaillant}, M.~V. and {van Dillen}, E. and {van Reeven}, W. and {Vanel}, O. and {Vecchiato}, A. and {Viala}, Y. and {Vicente}, D. and {Voutsinas}, S. and {Weiler}, M. and {Wevers}, T. and {Wyrzykowski}, {\L}. and {Yoldas}, A. and {Yvard}, P. and {Zhao}, H. and {Zorec}, J. and {Zucker}, S. and {Zwitter}, T.},
  title         = {{Gaia Early Data Release 3. The celestial reference frame (Gaia-CRF3)}},
  journal       = {\aap},
  keywords      = {astrometry, reference systems, proper motions, catalogs, quasars: general, Astrophysics - Instrumentation and Methods for Astrophysics, Astrophysics - Astrophysics of Galaxies},
  year          = 2022,
  month         = nov,
  volume        = {667},
  eid           = {A148},
  pages         = {A148},
  doi           = {10.1051/0004-6361/20224348310.48550/arXiv.2204.12574},
  archiveprefix = {arXiv},
  eprint        = {2204.12574},
  primaryclass  = {astro-ph.IM},
  adsurl        = {https://ui.adsabs.harvard.edu/abs/2022A&A...667A.148G},
  adsnote       = {Provided by the SAO/NASA Astrophysics Data System}
}

@article{2023MNRAS.518.4249G,
  author        = {{Grondin}, Steffani M. and {Webb}, Jeremy J. and {Leigh}, Nathan W.~C. and {Speagle}, Joshua S. and {Khalifeh}, Reem J.},
  title         = {{Searching for the extra-tidal stars of globular clusters using high-dimensional analysis and a core particle spray code}},
  journal       = {\mnras},
  keywords      = {stars: kinematics and dynamics, globular clusters: individual, galaxies: star clusters, software: simulations, Astrophysics - Solar and Stellar Astrophysics, Astrophysics - Astrophysics of Galaxies},
  year          = 2023,
  month         = jan,
  volume        = {518},
  number        = {3},
  pages         = {4249-4264},
  doi           = {10.1093/mnras/stac336710.48550/arXiv.2207.11263},
  archiveprefix = {arXiv},
  eprint        = {2207.11263},
  primaryclass  = {astro-ph.SR},
  adsurl        = {https://ui.adsabs.harvard.edu/abs/2023MNRAS.518.4249G},
  adsnote       = {Provided by the SAO/NASA Astrophysics Data System}
}

@article{2023arXiv230105166F,
  author        = {{Ferrone}, Salvatore and {Di Matteo}, Paola and {Mastrobuono-Battisti}, Alessandra and {Haywood}, Misha and {Snaith}, Owain N. and {Montouri}, Marco and {Khoperskov}, Sergey and {Valls-Gabaud}, David},
  title         = {{The e-TidalGCs Project: Modeling the extra-tidal features generated by Galactic globular clusters}},
  journal       = {arXiv e-prints},
  keywords      = {Astrophysics - Astrophysics of Galaxies},
  year          = 2023,
  month         = jan,
  eid           = {arXiv:2301.05166},
  pages         = {arXiv:2301.05166},
  doi           = {10.48550/arXiv.2301.05166},
  archiveprefix = {arXiv},
  eprint        = {2301.05166},
  primaryclass  = {astro-ph.GA},
  adsurl        = {https://ui.adsabs.harvard.edu/abs/2023arXiv230105166F},
  adsnote       = {Provided by the SAO/NASA Astrophysics Data System}
}

@article{2022arXiv221116523W,
  author        = {{Weatherford}, Newlin C. and {K{\i}ro{\u{g}}lu}, Fulya and {Fragione}, Giacomo and {Chatterjee}, Sourav and {Kremer}, Kyle and {Rasio}, Frederic A.},
  title         = {{Stellar Escape from Globular Clusters I: Escape Mechanisms and Properties at Ejection}},
  journal       = {arXiv e-prints},
  keywords      = {Astrophysics - Astrophysics of Galaxies, Astrophysics - Solar and Stellar Astrophysics},
  year          = 2022,
  month         = nov,
  eid           = {arXiv:2211.16523},
  pages         = {arXiv:2211.16523},
  doi           = {10.48550/arXiv.2211.16523},
  archiveprefix = {arXiv},
  eprint        = {2211.16523},
  primaryclass  = {astro-ph.GA},
  adsurl        = {https://ui.adsabs.harvard.edu/abs/2022arXiv221116523W},
  adsnote       = {Provided by the SAO/NASA Astrophysics Data System}
}

@article{2001A&A...375..711F,
  author        = {{Freitag}, M. and {Benz}, W.},
  title         = {{A new Monte Carlo code for star cluster simulations. I. Relaxation}},
  journal       = {\aap},
  keywords      = {METHODS: NUMERICAL, STELLAR DYNAMICS, GALAXIES: NUCLEI, GALAXIES: STAR CLUSTERS, Astrophysics},
  year          = 2001,
  month         = aug,
  volume        = {375},
  pages         = {711-738},
  doi           = {10.1051/0004-6361:2001070610.48550/arXiv.astro-ph/0102139},
  archiveprefix = {arXiv},
  eprint        = {astro-ph/0102139},
  primaryclass  = {astro-ph},
  adsurl        = {https://ui.adsabs.harvard.edu/abs/2001A&A...375..711F},
  adsnote       = {Provided by the SAO/NASA Astrophysics Data System}
}

@article{2006MNRAS.368..121F,
  author        = {{Freitag}, Marc and {Rasio}, Frederic A. and {Baumgardt}, Holger},
  title         = {{Runaway collisions in young star clusters - I. Methods and tests}},
  journal       = {\mnras},
  keywords      = {stellar dynamics, methods: N-body simulations, stars: formation, galaxies: nuclei, galaxies: starburst, galaxies: star clusters, Astrophysics},
  year          = 2006,
  month         = may,
  volume        = {368},
  number        = {1},
  pages         = {121-140},
  doi           = {10.1111/j.1365-2966.2006.10095.x10.48550/arXiv.astro-ph/0503129},
  archiveprefix = {arXiv},
  eprint        = {astro-ph/0503129},
  primaryclass  = {astro-ph},
  adsurl        = {https://ui.adsabs.harvard.edu/abs/2006MNRAS.368..121F},
  adsnote       = {Provided by the SAO/NASA Astrophysics Data System}
}

@article{Bahramian2016,
  title    = {The Ultracompact Nature of the Black Hole Candidate {{X-ray}} Binary 47 {{Tuc X9}}},
  author   = {Bahramian, Arash and Heinke, Craig O and Tudor, Vlad and {Miller-Jones}, James C A and Bogdanov, Slavko and Maccarone, Thomas J and Knigge, Christian and Sivakoff, Gregory R and Chomiuk, Laura and Strader, Jay and Garcia, Javier A and Kallman, Timothy},
  year     = {2016},
  journal  = {MNRAS},
  volume   = {000},
  pages    = {1--19},
  abstract = {47 Tuc X9 is a low mass X-ray binary (LMXB) in the globular cluster 47 Tucanae, and was previously thought to be a cataclysmic variable. However, Miller-Jones et al. (2015) recently identified a radio counterpart to X9 (inferring a radio/X-ray luminos-ity ratio consistent with black hole LMXBs), and suggested that the donor star might be a white dwarf. We report simultaneous observations of X9 performed by Chandra, NuSTAR and Australia Telescope Compact Array. We find a clear 28.18{$\pm$}0.02-min periodic modulation in the Chandra data, which we identify as the orbital period, confirming this system as an ultracompact X-ray binary. Our X-ray spectral fitting provides evidence for photoionized gas having a high oxygen abundance in this sys-tem, which indicates a C/O white dwarf donor. We also identify reflection features in the hard X-ray spectrum, making X9 the faintest LMXB to show X-ray reflection. We detect a {$\sim$} 6.8-d modulation in the X-ray brightness by a factor of 10, in archival Chandra, Swift, and ROSAT data. The simultaneous radio/X-ray flux ratio is consis-tent with either a black hole primary or a neutron star primary, if the neutron star is a transitional millisecond pulsar. Considering the measured orbital period (with other evidence of a white dwarf donor), and the lack of transitional millisecond pulsar features in the X-ray light curve, we suggest that this could be the first ultracompact black hole X-ray binary identified in our Galaxy.},
  keywords = {47 Tuc,accretion,accretion discs,binaries,black holes,globular clusters,individual,neutron,stars,X-rays},
  file     = {/Users/carl/Zotero/storage/6R2X38QU/Bahramian et al. - 2016 - The ultracompact nature of the black hole candidate X-ray binary 47 Tuc X9.pdf}
}

@article{Barnard2011,
  title     = {Four {{New Black Hole Candidates Identified}} in {{M31 Globular Clusters}} with {{Chandra}} and {{XMM-Newton}}},
  author    = {Barnard, R and Garcia, M and Li, Z and Primini, F and Murray, S S},
  year      = {2011},
  journal   = {The Astrophysical Journal},
  volume    = {734},
  number    = {2},
  pages     = {79},
  publisher = {{Cornell University Library}},
  address   = {{Harvard-Smithsonian Center for Astrophysics, 60 Garden St, Cambridge, MA 02138, USA}},
  abstract  = {We have identified four new black hole candidates (BHCs) in M31 globular clusters (GCs) using 123 Chandra and 4 XMM-Newton observations of the M31 central region. The X-ray source associated with Bo 163 (XB163) is a recurrent transient with the highest observed luminosity, \textasciitilde 1.4\texttimes{} 1038 erg s-1, considerably brighter than any outbursts from neutron star transients Aql X-1 or 4U 1608-452; the outburst apparently started \textasciitilde 45 days earlier than the observed peak, and hence the luminosity may have been considerably higher. We identified XB082, XB153, and XB185 as BHCs by observing “low state” emission spectra at luminosities that exceed the threshold for neutron star binaries. The probability that these are neutron star systems with anisotropic emission beamed toward us is {$<\sptilde$} 4 \texttimes{} 10-4, and their variability suggests emission from a single source. We therefore conclude that these systems likely contain black holes rather than neutron stars. We have now identified four persistently bright BHCs in the region; the probability that these are all background active galactic nuclei is lsim1\texttimes 10-20. According to theory, the donors could be tidally captured main-sequence stars or white dwarfs in ultracompact binaries. We find that GCs that are particularly massive (XB082) or metal-rich (XB144) can host bright X-ray sources in addition to GCs that are both (XB163). Our method may reveal BHCs in other bright X-ray sources.},
  file      = {/Users/carl/Zotero/storage/M89KKN4W/Barnard_2011.pdf}
}

@article{Chomiuk2013,
  title         = {A {{RADIO-SELECTED BLACK HOLE X-RAY BINARY CANDIDATE IN THE MILKY WAY GLOBULAR CLUSTER M62}}},
  author        = {Chomiuk, Laura and Strader, Jay and Maccarone, Thomas J and {Miller-Jones}, James C. A. and Heinke, Craig and Noyola, Eva and Seth, Anil C and Ransom, Scott},
  year          = {2013},
  month         = nov,
  journal       = {The Astrophysical Journal},
  volume        = {777},
  number        = {1},
  eprint        = {1306.6624v2},
  eprinttype    = {arxiv},
  pages         = {69},
  issn          = {0004-637X},
  doi           = {10.1088/0004-637X/777/1/69},
  archiveprefix = {arXiv},
  file          = {/Users/carl/Zotero/storage/GAGAEFHN/Chomiuk_2013.pdf}
}

@article{Giesers2018,
  title         = {A Detached Stellar-Mass Black Hole Candidate in the Globular Cluster {{NGC}} 3201},
  author        = {Giesers, Benjamin and Dreizler, Stefan and Husser, Tim-Oliver and Kamann, Sebastian and Escude, Guillem Anglada and Brinchmann, Jarle and Carollo, C. Marcella and Roth, Martin M. and Weilbacher, Peter M. and Wisotzki, Lutz},
  year          = {2018},
  month         = jan,
  journal       = {Monthly Notices of the Royal Astronomical Society: Letters},
  volume        = {475},
  number        = {1},
  eprint        = {1801.05642},
  eprinttype    = {arxiv},
  pages         = {L1-L5},
  issn          = {1745-3925},
  doi           = {10.1093/mnrasl/slx203},
  abstract      = {As part of our massive spectroscopic survey of 25 Galactic globular clusters with MUSE, we performed multiple epoch observations of NGC 3201 with the aim of constraining the binary fraction. In this cluster, we found one curious star at the main-sequence turn-off with radial velocity variations of the order of 100 km/s, indicating the membership to a binary system with an unseen component since no other variations appear in the spectra. Using an adapted variant of the generalized Lomb-Scargle periodogram, we could calculate the orbital parameters and found the companion to be a detached stellar-mass black hole with a minimum mass of 4.36 \$\textbackslash pm\$ 0.41 solar masses. The result is an important constraint for binary and black hole evolution models in globular clusters as well as in the context of gravitational wave sources.},
  archiveprefix = {arXiv},
  keywords      = {binaries,black holes,globular clusters,imaging spectroscopy,individual,ngc 3201,radial,spectroscopic,stars,techniques,velocities},
  file          = {/Users/carl/Zotero/storage/DWSMAFRC/Giesers_2018.pdf}
}

@article{Maccarone2007a,
  title   = {A Black Hole in a Globular Cluster},
  author  = {Maccarone, Thomas J and Kundu, Arunav and Zepf, Stephen E and Rhode, Katherine L},
  year    = {2007},
  journal = {Nature},
  volume  = {445},
  number  = {7124},
  pages   = {183--185},
  file    = {/Users/carl/Zotero/storage/KS7BKL5W/Maccarone_2007.pdf}
}
@article{Miller-Jones2015a,
  title   = {Deep Radio Imaging of 47 {{Tuc}} Identifies the Peculiar {{X-ray}} Source {{X9}} as a New Black Hole Candidate},
  author  = {{Miller-Jones}, J. C. A. and Strader, J. and Heinke, C. O. and Maccarone, T. J. and {van den Berg}, M. and Knigge, C. and Chomiuk, L. and Noyola, E. and Russell, T. D. and Seth, A. C. and Sivakoff, G. R.},
  year    = {2015},
  month   = nov,
  journal = {Monthly Notices of the Royal Astronomical Society},
  volume  = {453},
  number  = {4},
  pages   = {3919--3932},
  issn    = {0035-8711},
  doi     = {10.1093/mnras/stv1869},
  file    = {/Users/carl/Zotero/storage/ECZHD4Y2/Miller-Jones_2015.pdf}
}

@article{Strader2012,
  title     = {Two Stellar-Mass Black Holes in the Globular Cluster {{M22}}.},
  author    = {Strader, Jay and Chomiuk, Laura and Maccarone, Thomas J and {Miller-Jones}, James C A and Seth, Anil C},
  year      = {2012},
  month     = oct,
  journal   = {Nature},
  volume    = {490},
  number    = {7418},
  pages     = {71--3},
  publisher = {{Nature Publishing Group}},
  issn      = {1476-4687},
  doi       = {10.1038/nature11490},
  abstract  = {Hundreds of stellar-mass black holes probably form in a typical globular star cluster, with all but one predicted to be ejected through dynamical interactions. Some observational support for this idea is provided by the lack of X-ray-emitting binary stars comprising one black hole and one other star (‘black-hole/X-ray binaries’) in Milky Way globular clusters, even though many neutron-star/X-ray binaries are known. Although a few black holes have been seen in globular clusters around other galaxies, the masses of these cannot be determined, and some may be intermediate-mass black holes that form through exotic mechanisms. Here we report the presence of two flat-spectrum radio sources in the Milky Way globular cluster M22, and we argue that these objects are black holes of stellar mass (each {$\sim$}10-20 times more massive than the Sun) that are accreting matter. We find a high ratio of radio-to-X-ray flux for these black holes, consistent with the larger predicted masses of black holes in globular clusters compared to those outside. The identification of two black holes in one cluster shows that ejection of black holes is not as efficient as predicted by most models, and we argue that M22 may contain a total population of {$\sim$}5-100 black holes. The large core radius of M22 could arise from heating produced by the black holes.},
  pmid      = {23038466},
  file      = {/Users/carl/Zotero/storage/F7IF34T2/Strader et al. - 2012 - Two stellar-mass black holes in the globular cluster M22.pdf;/Users/carl/Zotero/storage/N42B582Z/Strader et al. - 2012 - Two stellar-mass black holes in the globular cluster M22(2).pdf}
}

@article{Giesers2019,
  author        = {{Giesers}, Benjamin and {Kamann}, Sebastian and {Dreizler}, Stefan and {Husser}, Tim-Oliver and {Askar}, Abbas and {G{\"o}ttgens}, Fabian and {Brinchmann}, Jarle and {Latour}, Marilyn and {Weilbacher}, Peter M. and {Wendt}, Martin and {Roth}, Martin M.},
  title         = {A stellar census in globular clusters with MUSE: Binaries in NGC 3201},
  journal       = {\aap},
  keywords      = {binaries: general, blue stragglers, stars: black holes, techniques: radial velocities, techniques: imaging spectroscopy, globular clusters: individual: NGC 3201, Astrophysics - Solar and Stellar Astrophysics, Astrophysics - Astrophysics of Galaxies},
  year          = 2019,
  month         = dec,
  volume        = {632},
  eid           = {A3},
  pages         = {A3},
  doi           = {10.1051/0004-6361/201936203},
  archiveprefix = {arXiv},
  eprint        = {1909.04050},
  primaryclass  = {astro-ph.SR},
  adsurl        = {https://ui.adsabs.harvard.edu/abs/2019A&A...632A...3G},
  adsnote       = {Provided by the SAO/NASA Astrophysics Data System}
}

@article{2023MNRAS.518.1057E,
  author        = {{El-Badry}, Kareem and {Rix}, Hans-Walter and {Quataert}, Eliot and {Howard}, Andrew W. and {Isaacson}, Howard and {Fuller}, Jim and {Hawkins}, Keith and {Breivik}, Katelyn and {Wong}, Kaze W.~K. and {Rodriguez}, Antonio C. and {Conroy}, Charlie and {Shahaf}, Sahar and {Mazeh}, Tsevi and {Arenou}, Fr{\'e}d{\'e}ric and {Burdge}, Kevin B. and {Bashi}, Dolev and {Faigler}, Simchon and {Weisz}, Daniel R. and {Seeburger}, Rhys and {Almada Monter}, Silvia and {Wojno}, Jennifer},
  title         = {{A Sun-like star orbiting a black hole}},
  journal       = {\mnras},
  keywords      = {binaries: spectroscopic, stars: black holes, Astrophysics - Solar and Stellar Astrophysics, Astrophysics - Astrophysics of Galaxies},
  year          = 2023,
  month         = jan,
  volume        = {518},
  number        = {1},
  pages         = {1057-1085},
  doi           = {10.1093/mnras/stac3140},
  archiveprefix = {arXiv},
  eprint        = {2209.06833},
  primaryclass  = {astro-ph.SR},
  adsurl        = {https://ui.adsabs.harvard.edu/abs/2023MNRAS.518.1057E},
  adsnote       = {Provided by the SAO/NASA Astrophysics Data System}
}

@article{2023arXiv230111444O,
  author        = {{Oey}, M.~S. and {Dorigo Jones}, J. and {Phillips}, G.~D. and {Castro}, N. and {Dallas}, M.~M. and {Moe}, M.},
  title         = {{Dynamical vs Supernova Acceleration of OB Stars in the Small Magellanic Cloud}},
  journal       = {arXiv e-prints},
  keywords      = {Astrophysics - Solar and Stellar Astrophysics, Astrophysics - Astrophysics of Galaxies, Astrophysics - High Energy Astrophysical Phenomena},
  year          = 2023,
  month         = jan,
  eid           = {arXiv:2301.11444},
  pages         = {arXiv:2301.11444},
  doi           = {10.48550/arXiv.2301.11444},
  archiveprefix = {arXiv},
  eprint        = {2301.11444},
  primaryclass  = {astro-ph.SR},
  adsurl        = {https://ui.adsabs.harvard.edu/abs/2023arXiv230111444O},
  adsnote       = {Provided by the SAO/NASA Astrophysics Data System}
}


